<collection xmlns="http://www.loc.gov/MARC21/slim">
<record>
  <leader>01178nam0a22002291i 450 </leader>
  <controlfield tag="001">IT\ICCU\CNCE\051212</controlfield>
  <controlfield tag="005">20070123000000.0</controlfield>
  <datafield tag="012" ind1=" " ind2=" ">
    <subfield code="a">sion e.e: e.o, EtEs (3) 1554 (R)</subfield>
    <subfield code="2">fei</subfield>
  </datafield>
  <datafield tag="100" ind1=" " ind2=" ">
    <subfield code="a">20001202d1554        0itac0103    ba</subfield>
  </datafield>
  <datafield tag="101" ind1=" " ind2=" ">
    <subfield code="a">ITA</subfield>
  </datafield>
  <datafield tag="102" ind1=" " ind2=" ">
    <subfield code="a">IT</subfield>
  </datafield>
  <datafield tag="200" ind1="1" ind2=" ">
    <subfield code="a">Rime di m. Antonfrancesco Rainerio gentilhuomo milanese nuouamente uscite in luce con breuissima espositione de i soggietti loro et con la tauola in fine</subfield>
  </datafield>
  <datafield tag="210" ind1=" " ind2=" ">
    <subfield code="a">In Vinegia</subfield>
    <subfield code="c">appresso Gabriel Giolito de Ferrari et fratelli</subfield>
    <subfield code="d">1554</subfield>
    <subfield code="e">In Vinegia</subfield>
    <subfield code="g">appresso Gabriel Giolito de Ferrari et fratelli</subfield>
    <subfield code="h">1554</subfield>
  </datafield>
  <datafield tag="215" ind1=" " ind2=" ">
    <subfield code="a">120, \60! p.</subfield>
    <subfield code="d">12ʻ</subfield>
  </datafield>
  <datafield tag="620" ind1=" " ind2=" ">
    <subfield code="a">IT</subfield>
    <subfield code="d">Venezia</subfield>
  </datafield>
  <datafield tag="700" ind1=" " ind2="1">
    <subfield code="a">Raineri,</subfield>
    <subfield code="b">Antonio Francesco</subfield>
    <subfield code="3">IT\ICCU\CNCA\008155</subfield>
  </datafield>
  <datafield tag="712" ind1="0" ind2="0">
    <subfield code="a">Giolito De Ferrari, Gabriele &amp; fratelli</subfield>
    <subfield code="3">IT\ICCU\CNCT\000189</subfield>
    <subfield code="4">650</subfield>
  </datafield>
  <datafield tag="790" ind1=" " ind2="1">
    <subfield code="a">Rainerio,</subfield>
    <subfield code="b">Antonio Francesco</subfield>
    <subfield code="3">IT\ICCU\CNCA\016074</subfield>
    <subfield code="z">Raineri, Antonio Francesco</subfield>
  </datafield>
  <datafield tag="790" ind1=" " ind2="1">
    <subfield code="a">Raynerius,</subfield>
    <subfield code="b">Antonius Franciscus</subfield>
    <subfield code="3">IT\ICCU\CNCA\018705</subfield>
    <subfield code="z">Raineri, Antonio Francesco</subfield>
  </datafield>
  <datafield tag="790" ind1=" " ind2="1">
    <subfield code="a">Rainerius,</subfield>
    <subfield code="b">Antonius Franciscus</subfield>
    <subfield code="3">IT\ICCU\CNCA\022686</subfield>
    <subfield code="z">Raineri, Antonio Francesco</subfield>
  </datafield>
  <datafield tag="790" ind1=" " ind2="1">
    <subfield code="a">Rainieri,</subfield>
    <subfield code="b">Antonio Francesco</subfield>
    <subfield code="3">IT\ICCU\CNCA\023841</subfield>
    <subfield code="z">Raineri, Antonio Francesco</subfield>
  </datafield>
  <datafield tag="801" ind1=" " ind2="3">
    <subfield code="a">IT</subfield>
    <subfield code="b">ICCU</subfield>
    <subfield code="c">20201115</subfield>
  </datafield>
</record>
</collection>
